@article{Larsson2012,
author={Viktor Larsson and Christophe Demazi\`{E}re},
title={A coupled neutronics/thermal-hydraulics tool for calculating fluctuations in Pressurized Water Reactors},
volume={1},
number={43},
pages={68-76},
year={2012},
doi={10.1016/j.anucene.2011.12.026},
journal={Annals of Nuclear Energy}
}

@incollection{Janosy2011,
author={Janos Sebestyen Janosy},
title={Simulation and Simulators for Nuclear Power Generation},
booktitle={Nuclear Power - System Simulations and Operation},
year={2011},
editor={Dr. Pavel Tsvetkov},
pages={1-20},
publisher={InTech}
}


@incollection{Faghihi2011,
author={Farsad Faghihi and H. Khalafi and S. M. Mirvakili},
title={A Literature Survey of Neutronics and Thermal-Hydraulics 
Codes for Investigating Reactor Core Parameters; Artificial Neural 
Networks as the {VVER}-1000 Core Predictor},
booktitle={Nuclear Power - System Simulations and Operation},
year={2011},
editor={Dr. Pavel Tsvetkov},
pages={103-122},
publisher={InTech}
}

@inproceedings{Jasak2007,
author={Hrvoje Jasak and Aliksandar Jemcov and \v{Z}eljko Tukovi\'{C}},
title={Open{FOAM}: A {C}++ Library for Complex Physics Simulations},
booktitle={International Workshop on COUPLED METHODS IN NUMERICAL DYNAMICS},
year={2007}
}

@article{Baglietto2011,
author={Emilio Baglietto},
title={New perspectives for nuclear reactor design},
journal={atw - International Journal for Nuclear Power},
year={2012},
volume={57},
number={11},
pages={652-656},
month={Novembro}
}

@inproceedings{Beaudoin2008,
author={Martin Beaudoin and Hrvoje Jasak},
title={Development of a Generalized Grid Interface for Turbomachinery 
simulations with {O}pen{FOAM}},
booktitle={Open Source {CFD} International Conference},
year={2008},
month={Dezembro}
}

@article{Khan2011,
author={R. Khan and T. Stummer and H. B\"{O}ck and M. Villa},
title={Neutronics analysis of the initial core of the {TRIGA} {M}ark {II} reactor},
journal={Nuclear Engineering and Design},
year={2011},
number={241},
pages={1463-1468}
}

@inproceedings{Turkmen2013,
author={M. T\"{U}rkmen and \"{U}. Colak},
title={{ITU} {TRIGA} Mark {II} Research Reactor: a benchmark analysis 
with various codes},
booktitle={European Research Reactor Conference 2013 Transactions},
year={2013},
publisher={European Nuclear Society},
pages={432-437}
}

@article{Pope2008,
author={Michael A. Pope and Vincent A. Mousseau},
title={Accuracy and Efficiency of a coupled neutronics and thermal hydraulics model},
volume={41},
number={7},
pages={885-892},
year={2009},
month={Setembro},
journal={Nuclear Engineering and Technology}
}

@article{Ivanov2007,
author={Kostadin Ivanov and Maria Avramova},
doi={10.1016/j.anucene.2007.02.016},
title={Challenges in coupled thermal-hydraulics and neutronics simulations 
for {LWR} safety analysis},
journal={Annals of Nuclear Energy},
year={2007},
volume={34},
pages={501-513}
}

@inproceedings{Yan2011,
author={Jin Yan and Brendan Kochunas and Mathieu Hursin and 
Thomas Downar and Zeses Karoutas and Emilio Baglietto},
title={Coupled Computational Fluid Dynamics and {MOC} Neutronic 
Simulations of {W}estinghouse {PWR} Fuel Assemblies with Grid Spacers},
booktitle={The 14th International Topical Meeting on Nuclear Reactor 
Thermalhydraulics, {NURETH}-14},
year={2011}
}

@article{Jahanbin2012,
author={Ali Jahanbin and Hessam Malmir},
title={Kinetic parameters evaluation of {PWR}s using static cell and 
core calculation codes},
volume={41},
pages={110-114},
year={2012},
journal={Annals of Nuclear Energy}
}

@article{Gray76,
author={Donald D. Gray and Aldo Giorgini},
title={The validity of the {B}oussinesq Approximation for liquids 
and gases},
volume={19},
journal={International Journal of Heat and Mass Transfer},
number={5},
pages={545-551},
year={1976},
month={Maio}
}
















% Até aqui os lidos... alguns abaixo foram lidos, mas anteriormente.
% olhar as anotações em cada paper.

@techreport{Barber98,
author={Douglas A. Barber and Thomas J. Downar},
title={Software Design and Implementation Document for the General Interface in the Coupled Code},
institution={School of Nuclear Engineering - Purdue University},
year={1998},
month={Maio},
number={{PU}/{NE}-98-10}
}

@inproceedings{Martinez2012,
author={M. Mart\'{I}nez and R. Mir\'{O} and G. Verd\'{U} and C. Pereira and 
A. Z. Mesquita and S. Chiva},
title={Assessment of a Computational Fluid Dynamic ({CFD}) model for the 
{IPR-R1} {TRIGA} research reactor},
booktitle={American Nuclear Society Annual Meeting},
year={2012}
}

@article{Huda2011,
author={M. Q. Huda and M. M. Rahman and M. A. Imtiaz and K. C. Nguyen},
title={Design studies of a typical {PWR} core using advanced computational tools and techniques},
journal={Annals of nuclear energy},
year={2011},
doi={10.1016/j.anucene.2011.05.002},
volume={38},
pages={1939-1949}
}

@article{Ragusa2009,
author={Jean C. Ragusa and Vijay S. Mahadevan},
title={Consistent and accurate schemes for coupled neutronics thermal-hudraulics reactor analysis},
journal={Nuclear Engineering and Design},
year={2009},
doi={10.1016/j.anucengdes.2008.11.006},
volume={239},
pages={566-579}
}

@article{Yang2011,
author={Ping Yang and Liangzhi Cao, Hongchun Wu and Changhui Wang},
title={Core design study on {CANDU-SCWR} with {3D} neutronics/thermal-hydraulics coupling},
journal={Nuclear Engineering and Design},
year={2011},
doi={10.1016/j.anucengdes.2011.03.036},
volume={241},
pages={4714-4719}
}

@article{Vazquez2012,
author={Miriam Vazquez and Haileyesus Tsige-Tamirat and Luca Ammirabile 
and Francisco Martin-Fuertes},
title={Coupled neutronics thermal-hydraulics analysis using {M}onte {C}arlo and sub-channel codes},
journal={Nuclear Engineering and Design},
year={2012},
doi={10.1016/j.anucengdes.2012.06.007},
volume={250},
pages={403-411}
}

@incollection{Sarshar2011,
author={Sizarta Sarchar},
title={Analysis of Error Propagation between software processes},
booktitle={Nuclear Power - System Simulations and Operation},
year={2011},
editor={Dr. Pavel Tsvetkov},
pages={69-86},
publisher={InTech}
}

@article{Mousseau2007,
author={Vincent A. Mousseau},
title={Accurate solution of the nonlinear partial differential equations from thermal hydraulics},
journal={Nuclear Technology},
year={2007},
volume={158},
month={Abril},
pages={26-35}
}

@inproceedings{Barber99,
author={D. Barber and R. M. Miller and H. joo and T. Downar and W. Want and V. Mousseau and D. Ebert},
title={Coupled {3D} Reactor Kinetics and Thermal-hydraulic code 
development activities at the {U.S.} Regulatory Comission},
booktitle={Madrid International Conference on Mathematics and Computation, 
Reactor Physics and Environmental Analysis in Nuclear Applications - {M}\&{C}'99},
year={1999},
month={Setembro}
}

@techreport{NUREG2010,
author={Hossein NourBakhsh},
title={Review and Evaluation of the Nuclear Regulatory Commission 
Safety Research Program},
institution={{U.S.} {N}uclear {R}egulatory {C}ommission},
year={2010},
month={Junho},
annote={NUREG-1635},
number={9}
}

@article{Aumiller2001,
author={D. L. Aumiller and E. T. Tomlinson and R. C. Bauer},
title={A coupled {RELAP5-3D/CFD} methodology with proof-of-principle 
calculation},
journal={Nuclear Engineering and Design},
year={2001},
volume={205},
pages={83-90}
}

@inproceedings{Newton2002,
author={T. D. Newton and J. L. Hutton},
title={The next generation {WIMS} lattice code: {WIMS9}},
booktitle={Proceedings of {PHYSOR}},
year={2002},
month={Outubro},
publisher={American Nuclear Society}
}

@article{Demaziere2011,
author={Christophe Demazi\`{E}re},
title={{CORE SIM}: A multi-purpose neutronic tool for research and education},
journal={Annals of Nuclear Energy},
year={2011},
volume={38},
pages={2698-2718},
doi={10.1016/j.anucene.2011.06.010}
}

@article{Pourgol-Mohamad2011,
author={Mohammad Pourgol-Mohamad and Ali Mosleh and Mohammad Modarres},
title={Structured treatment of model uncertainty in complex thermal-hydraulics codes: technical challenges, prospective and characterization},
journal={Nuclear Engineering and Design},
year={2011},
volume={241},
pages={285-295},
doi={10.1016/j.nucengdes.2010.10.035}
}

@book{Versteeg2007,
author={H. K. Versteeg and W. Malalasekera},
title={An Introduction to Computational Fluid Dynamics},
subtitle={The finite volume method},
publisher={Pearson Education Limited},
year={2007},
edition={2nd},
ISBN={9780131274983}
}

@book{Anderson95,
author={John David Anderson, Jr.},
editor={John J. Corrigan and Eleanor Castellano},
title={Computational Fluid Dynamics},
subtitle={The Basics with applications},
publisher={Mc{G}raw-Hill},
year={1995},
ISBN={0070076852}
}

@book{Quinn2004,
author={Michael Jay Quinn},
title={Parallel programming in {C} with {MPI} and {O}pen{MP}},
series={Higher Education},
publisher={Mc{G}raw-{H}ill},
year={2004},
edition={1st},
ISBN={0072822562}
}

@book{Hebert2009,
author={Alain H\'{E}bert},
title={Applied Reactor Physics},
publisher={Presses Internationales Polytechnique},
year={2009},
ISBN={9782553014369}
}

@manual{Serpent2013,
title={Serpent - a Continuous-energy Monte Carlo reactor 
physics burnup Calculation Code},
author={Jaakko Lepp\"{A}nen},
month={Março},
year={2013}
}

@manual{PARCS2006,
title={{PARCS} v2.7},
subtitle={User Manual},
author={T. Downar and Y. Xu and V. Seker and D. Carlson},
month={Novembro},
year={2006}
}

@manual{PARCS2004,
title={{PARCS} v2.6},
subtitle={Programmer's Manual},
author={T. Downar and D. Lee and Y. Xu and T. Kozlowski and J. Staudenmier},
month={Novembro},
year={2004},
annote={Draft}
}

@manual{PARCS2004b,
title={{PARCS} v2.6},
subtitle={Theory Manual},
author={T. Downar and D. Lee and Y. Xu and T. Kozlowski and J. Staudenmier},
month={Novembro},
year={2004},
annote={Draft}
}

@manual{OpenFOAM2013,
title={Open{FOAM} - the Open Source {CDF} Toolbox},
subtitle={User Guide},
month={Fevereiro},
year={2013},
annote={Version 2.2.0}
}

@manual{OpenFOAM2013b,
title={Open{FOAM} - the Open Source {CDF} Toolbox},
subtitle={Programmer's Guide},
month={Fevereiro},
year={2013},
annote={Version 2.2.0}
}

@manual{OpenFOAM2015,
title={Open{FOAM} {C}++ Documentation},
year={2015},
url={http://www.openfoam.org/docs/cpp/},
urlaccessdate={25 de janeiro de 2016}
}

@article{Krepper2007,
author={Eckhard Krepper and Bostjan Koncar and Yury Egorov},
title={{CFD} Modelling of subcooled boiding - {C}oncept, validation and application to fuel assembly design},
journal={Nuclear Engineering and Design},
year={2007},
volume={237},
pages={716-731},
doi={10.1016/j.nucengdes.2007.10.023}
}

@article{Rensburg2011,
author={J. J. Janse van Rensburg and M. Kleingeld},
title={{CFD} applications in the Pebble Bed Modular Reactor Project: A decade of progress},
journal={Nuclear Engineering and Design},
year={2011},
volume={241},
pages={3683-3696},
doi={10.1016/j.nucengdes.2011.05.018}
}

@inproceedings{Xu2006,
author={Y. Xu and T. Downar and A. Ward and T. Kozlowski and K. Ivanov},
title={Multi-physics Coupled Code Reactor Analysis with de {U.S.} {NRC} code system {TRACE/PARCS}},
booktitle={{PHYSOR}-2006 - {ANS} Topical Meeting on Reactor Physics},
year={2006}
}

@phdthesis{Mesquita2006,
author={Amir Zacarias Mesquita},
title={Investigação Experimental da Distribuição de Temperaturas no Reator Nuclear de Pesquisa {TRIGA} {IPR-R1}},
school={Universidade Estadual de Campinas - Faculdade de Engenharia Química},
year={2005}
}

@phdthesis{Jareteg2012,
author={Klas Jareteg},
title={Development of an Integrated deterministic neutronic/thermal-hydraulic model 
using a {CFD} solver},
school={Departmente of Applied Physics - {C}halmers University of Technology},
year={2012}
}

@phdthesis{Hossain2011,
author={Aby Sayed Kamal Hossain},
title={Development of a fast running multidimensional thermal-hydraulic code to be 
readly coupled with multidimensional neutronic tools, applicable to modular 
{H}igh {T}emperature {R}eactors},
school={Institut f\"{u}r Kernenergetik und Energiesysteme - Universit\"{a}t Stuttgart},
month={Fevereiro},
year={2011}
}

@inproceedings{Lazaro2013,
author={A. Lazaro and P. S. Stanisz and L. Ammirabile and H. Tsige-Tamirat and S. Martorell and G. Verd\'{U}},
title={Development of a three-dimensional thermohydraulics-neutronic coupling scheme for a transient 
analysis of liquid metal cooled fast reactor technologies suing the system code {TRACE}-{PARCS}},
booktitle={The 15th International Topical Meeting on Nuclear Reactor Thermal-Hydraulics, NURETH-15},
month={Maio},
address={Pisa, Italy},
year={2013}
}

@book{Geist94,
author={Al Geist and Adam Beguelin and Jack Dongarra and Weicheng Jiang and Robert Manchek and Vaidy Sunderam},
title={{PVM}: {P}arallel {V}irtual {M}achine },
subtitle={A Users' Guide and Tutorial for Networked Parallel Computing},
publisher={{MIT} Press},
year={1994},
ISBN={0262571080}
}

@phdthesis{Leppanen2007,
author={Jaakko Lepp\"{A}nen},
title={Development of a new {M}onte {C}arlo reactor Physics Code},
school={Helsinki University of Technology},
address={Espoo, Finland},
month={Junho},
year={2007}
}

@inproceedings{Silva2012,
author={V. V. Ara\'{U}jo Silva and F. L. A. Schweizer and A. A. C. Santos and A. Z. Mesquita and C. Pereira and A. L. Costa and M. A. F. Veloso 
and R. Mir\'{O} and G. Verd\'{U}},
title={An initial {V}erification and {V}alidation study of {CFD} numerical simulations of the {IPR-R1} 
{TRIGA} Reactor},
booktitle={European Research Reactor Conference 2012 - Transactions},
crossref={RRFM:2012},
pages={695--700},
year={2012}
}

@inproceedings{Silva2013,
author={V. V. Ara\'{U}jo Silva and A. A. C. Santos and P. S. B. L. Da Silva and A. Z. Mesquita and C. P. B. Lima},
title={{TRIGA} fuel element simulation using {O}pen{FOAM}},
booktitle={European Research Reactor Conference 2013 - Transactions},
crossref={RRFM:2013},
pages={558--566},
year={2013}
}

@proceedings{RRFM:2013,
title={European Research Reactor Conference 2013 - Transactions},
publisher={European Nuclear Society},
isbn={9789295064188},
year={2013}
}

@proceedings{RRFM:2012,
title={European Research Reactor Conference 2012 - Transactions},
publisher={European Nuclear Society},
isbn={9789295064133},
year={2012}
}

@patent{TRIGAfuel2013,
author={V. V. Ara\'{U}jo Silva and A. A. C. Santos and P. S. B. L. Da Silva and A. Z. Mesquita and C. P. B. Lima},
title={Registro de Software: TRIGAFuel},
howpublished={22 de abril de 2013},
number={BR 51 2013 00400-4},
organization={Universidade Federal de Minas Gerais e Centro de Desenvolvimento da Tecnologia Nuclear},
year={2013}
}

@inproceedings{Monferrer2011,
author={C. Pe\~{N} Monferrer and S. Chiva Vicent and R. Mir\'{O} 
and T. Barrachina and F. Pellacani and R. Maci\'{A}n Juan},
title={{CFD}-Neutronic coupled transient calculation of a simplified {PWR} fuel assembly using {ANSYS} {CFX} 12.1 and {PARCS}},
booktitle={Proceedings of the IV International Conference on Computational Methods for Coupled Problems in Science and Engineering},
year={2011}
}

@inproceedings{Monferrer2011a,
author={C. Pe\~{N} Monferrer and S. Chiva Vicent and R. Mir\'{o} 
and F. Pellacani and R. Maci\'{A}n Juan},
title={A procedure for coupled {CFD}-Neutronic calculation using 
{ANSYS} {CFX} 12.1 and {PARCS}},
booktitle={Proceedings of the IV International Conference on Computational Methods for Coupled Problems in Science and Engineering},
year={2011}
}

@manual{ANSYS2012,
author={ANSYS, Inc.},
title={{ANSYS} {CFX}-{S}olver Modeling Guide},
month={November},
year={2010}
}

@article{Pereira2013,
author={Cl\´{A}udio M. N. A. Pereira and Ant\^{O}nio C. A. M\´{O}l and Adino Heimlich and S\´{E}rgio R. S. Moraes and Pedro Resende},
title={Development and performance analysis of a parallel Monte Carlo neutron transport simulation program for GPU-Cluster using MPI 
and CUDA technologies},
journal={Progress in Nuclear Energy},
year={2013},
volume={65},
pages={88-94}
}

@article{Friedman2013,
author={Emil Friedman},
title={Serpent Monte-Carlo code: an advanced tool for few-group cross section generation},
journal={ATW - International Journal for Nuclear Power},
year={2013},
volume={58},
pages={156-157}
}

@techreport{Veloso2001,
author={Marcelo Antônio Veloso},
title={Notas sobre a Mecânica dos Meios Contínuos},
institution={Centro de Desenvolvimento da Tecnologia Nuclear da Comissão Nacional de Energia Nuclear - CNEN/CDTN},
year={2001},
month={Dezembro},
number={NI-CT4-07/01}
}

@article{Lethbridge2005,
author={Paul Lethbridge},
title={Multiphysics Analysis},
volume={10},
number={6},
pages={26-29},
year={2005},
month={Janeiro},
journal={The Industrial Physicist}
}

@book{Graham2004,
editor={Committe on the Future of Supercomputing},
author={Susan L. Graham and Marc Snir and Cynthia A. Patterson},
title={Getting Up to Speed: The Future of Supercomputing},
publisher={National Research Council},
year={2004},
ISBN={0309546796}
}

@inproceedings{Leppanen2012,
author={Jaakko Lepp\"{A}nen and Tuomas Viitanen},
title={Multi-physics coupling scheme in the {Serpent} 2 {M}onte {C}arlo code},
booktitle={Transactions of the American Nuclear Society},
vol={107},
month={Novembro},
pages={1165-1168},
year={2012}
}

@techreport{Veloso2005,
author={Marcelo Antônio Veloso},
title={Avaliação termo-hidráulica do reator {TRIGA} {IPR}-{R}1 a 150k{W}},
institution={Centro de Desenvolvimento da Tecnologia Nuclear da Comissão Nacional de Energia Nuclear - CNEN/CDTN},
year={2005},
month={Maio},
number={NI-EC3-05/05}
}

@book{Chung2002,
author={T. J. Chung},
title={Computational Fluid Dynamics},
publisher={Cambridge University Press},
year={2002},
edition={1st},
ISBN={0521594162}
}

@incollection{Bandini2006,
author={Giacomino Bandini and Paride Meloni and Massimiliano Polidori},
title={Interpretation of {TRIGA} Reactivity Transients with {RELAP/PARCS} Coupled Code},
booktitle={Advances in Nuclear Analysis and Simulation - PHYSOR},
year={2006},
month={Setembro},
publisher={Canadian Nuclear Society}
}

@misc{Reis2013,
author={Patrícia Amélia de Lima Reis},
title={Desenvolvimento de uma Metodologia de acoplamento entre códigos de análise termohidráulica e códigos de análise
neutrônica aplicada ao reator de pesquisa {TRIGA} {IPR-R1}},
annote={Universidade Federal de Minas Gerais - Departamento de Engenharia Nuclear},
howpublished={Plano de tese},
year={2013}
}

@mastersthesis{Reis2009,
author={Patrícia Amélia de Lima Reis},
title={Avaliação termohidráulica do reator {TRIGA} {IPR-R1} urilizando o código {RELAP-5}},
school={Universidade Federal de Minas Gerais - Departamento de Engenharia Nuclear},
year={2009}
}

@article{Leppanen2014,
author={Jaakko Lepp\"{A}nen and Manuele Aufiero and Emil Fridman and Reuven Rachamin and Setven van der Marck},
title={Calculation of effective point kinetics parameters in the Serpent 2 Monte Carlo code},
journal={Annals of Nuclear Energy},
year={2014},
volume={65},
pages={272--279},
annote={lido}
}

@article{Zou2013,
author={Ling Zou and Hongbin Zhang and Jess Gehin and Brendan Kochunas},
title={Coupled thermal-hydraulic/neutronics/crud framework in prediction of crud-induced power shift phenomenon},
journal={Nuclear Technology},
year={2013},
volume={183},
pages={535--542},
annote={lido}
}

@misc{Eymard2003,
title = "Finite volume methods",
year = "2003",
annote = "Nota pessoal",
howpublished= "web",
url = "http://www.cmi.univ-mrs.fr/~herbin/PUBLI/bookevol.pdf",
author = {Robert Eymard and Thierry Gallou\"{E}t and Rapha\`{E}le Herbin}
}

@article{Ahn2015103,
title = "FONESYS: The \{FOrum\} &amp; \{NEtwork\} of \{SYStem\} Thermal-Hydraulic Codes in Nuclear Reactor Thermal-Hydraulics ",
journal = "Nuclear Engineering and Design ",
volume = "281",
number = "",
pages = "103 - 113",
year = "2015",
annote = "lido",
issn = "0029-5493",
doi = "http://dx.doi.org/10.1016/j.nucengdes.2014.12.001",
url = "http://www.sciencedirect.com/science/article/pii/S0029549314006475",
author = "S.H. Ahn and N. Aksan and H. Austregesilo and D. Bestion and B.D. Chung and F. D’Auria and P. Emonot and J.L. Gandrille and M. Hanninen and I. Horvatović and K.D. Kim and A. Kovtonyuk and A. Petruzzi",
}

@article{Leppanen2015,
title = "The Numerical Multi-Physics project ({NUMPS}) at {VTT} Technical Research Centre of Finland ",
journal = "Annals of Nuclear Energy ",
volume = "84",
number = "",
pages = "55--62",
year = "2015",
annote = "Não lido",
issn = "0306-4549",
doi = "http://dx.doi.org/10.1016/j.anucene.2014.10.014",
url = "http://www.sciencedirect.com/science/article/pii/S0306454914005532",
author = "Jaakko LeppÄnen and Ville Hovi and Timo Ikonen and Joona Kurki and Maria Pusa and Ville Valtavirta and Tuomas Viitanen",
keywords = "Multi-physics",
keywords = "Serpent",
keywords = "Monte Carlo",
keywords = "PORFLO",
keywords = "CFD",
keywords = "FINIX ",
annote={lido}
}


@article{Zou2012,
author={Ling Zou and Hongbin Zhang and Jess Gehin and Brendan Kochunas},
title={Coupled Thermal-Hydraulic/Neutronics/Crud Framework in Prediction of Crud-Induced Power Shift Phenomenon},
journal={Nuclear Technology},
year={2013},
volume={183},
pages={535--542},
month={September},
number={3},
annote={lido}
}

@article{Jareteg2014,
title = "Fine-mesh deterministic modeling of {PWR} fuel assemblies: Proof-of-principle of coupled neutronic/thermal–hydraulic calculations ",
journal = "Annals of Nuclear Energy ",
volume = "68",
number = "",
pages = "247--256",
year = "2014",
annote = "",
issn = "0306-4549",
doi = "http://dx.doi.org/10.1016/j.anucene.2013.12.019",
url = "http://www.sciencedirect.com/science/article/pii/S0306454914000036",
author = "Klas Jareteg and Paolo Vinai and Christophe DemaziÈre",
keywords = "Fine-mesh solver",
keywords = "Neutronics",
keywords = "Thermal–hydraulics",
keywords = "Multi-physics",
keywords = "Coupled deterministic nuclear reactor modeling ",
annote={Lido}
}


@article{Jareteg2015,
title = "Coupled fine-mesh neutronics and thermal-hydraulics – Modeling and implementation for \{PWR\} fuel assemblies ",
journal = "Annals of Nuclear Energy ",
volume = "84",
number = "",
pages = "244 - 257",
year = "2015",
issn = "0306-4549",
doi = "http://dx.doi.org/10.1016/j.anucene.2015.01.037",
url = "http://www.sciencedirect.com/science/article/pii/S0306454915000869",
author = "Klas Jareteg and Paolo Vinai and Srdjan Sasic and Christophe Demazière",
keywords = "Fine-mesh solver",
keywords = "Neutronics",
keywords = "Thermal-hydraulics",
keywords = "Parallelization",
keywords = "Coupled deterministic nuclear reactor modeling ",
annote={nao lido}
}


@article{Mazzantini2011,
author={Oscar Mazzantini and Michel Schivo and Julián Di Césare and Ricardo Garbero and Matías Rivero and Germán Theler},
title={A Coupled Calculation Suite for Atucha II Operational  Transients Analysis},
journal={Science and Technology of Nuclear Installations},
year={2011},
volume={2011},
annote={lido},
doi={http://dx.doi.org/10.1155/2011/785304}
}

@article{Bernal2014,
author={Álvaro Bernal and Rafael Miró and Damián Ginestar and Gumersindo Verdú},
title={Resolution of the Generalized Eigenvalue Problem in the Neutron Diffusion Equation Discretized by the Finite Volume Method},
journal={Abstract and Applied Analysis},
year={2014},
volume={2014},
doi={http://dx.doi.org/10.1155/2014/913043},
annote={lido}
}

@inproceedings{Theler2013,
author={Germán Theler and Juan Pablo Gómez Omil and Esteban Pellegrino},
title={A shared-memory-based Coupling Scheme for Modeling the Behavior of a Nuclear Power Plant Core},
booktitle={Mecánica Computacional},
volume={32},
pages={1501--1517},
year={2013},
month={September},
annote={lido}
}

@inproceedings{Theler2014,
author={Germán Theler and Juan Pablo Gómez Omil and Oscar Mazzantini},
title={A Coupled Scheme for the Deterministic Safety Transient Analysis of the Atucha I Nuclear Power Plant},
booktitle={Mecánica Computacional},
volume={33},
pages={2939--2955},
year={2014},
month={September},
annote={lido}
}

@inproceedings{Forget2014,
author={Benoit Forget and Kord Smith},
title={Past, Present and Future of MIT Reactor Physics},
booktitle={PHYSOR 2014 0 The Role of Reactor Physics Toward a Sustainable Future},
year={2014},
annote={lido}
}

@article{Dorval2015,
title = "Monte Carlo current-based diffusion coefficients: Application to few-group constants generation in Serpent ",
journal = "Annals of Nuclear Energy ",
volume = "78",
number = "",
pages = "104 - 116",
year = "2015",
annote = "",
issn = "0306-4549",
doi = "http://dx.doi.org/10.1016/j.anucene.2014.12.011",
url = "http://www.sciencedirect.com/science/article/pii/S0306454914006598",
author = "E. Dorval and J. LeppÄnen",
keywords = "Serpent",
keywords = "Monte Carlo",
keywords = "Directional diffusion coefficient",
keywords = "TRIZ",
keywords = "SFR",
keywords = "Criticality spectrum ",
annote={meio lido}
}

@article{Fiorina2015,
author={Carlo Fiorina and Ivor Clifford and Manuele Aufiero and Konstantin Mikityuk},
title={Ge{N}-{F}oam: a novel {O}pen{FOAM}\textsuperscript{\textregistered} based multi-physics
solver for {2D/3D} transient analysis of nuclear reactors},
journal={Nuclear Engineering and Design},
pages={24--37},
volume={294},
year={2015},
doi={http://dx.doi.org/10.1016/j.nucebgdes,2015.05.035},
annote={nao lido}
}

@misc{LinuxBritannica,
title = "Linux Operating System",
year = "2014",
note = "Acessada em 11 de janeiro de 2016.",
howpublished= "web",
url = "http://www.britannica.com/technology/Linux",
author = {Enciclop\aedia Britannica.}
}

@article{Norris2004,
author={Jeffrey S. Norris},
journal={Software, IEEE},
title={Mission-critical development with open source software: lessons learned},
year={2004},
volume={21},
number={1},
pages={42-49},
keywords={Mars;aerospace computing;public domain software;safety-critical software;software development management;software tools;SAP;mission-critical project development;open source development team;open source software components;project evaluation;science activity planner;software developer guide;Data analysis;Data visualization;Downlink;Instruments;Laboratories;Mars;Mission critical systems;Open source software;Planets;Propulsion},
doi={10.1109/MS.2004.1259211},
ISSN={0740-7459},
month={Jan}
}

@inproceedings{Theler2014b,
author={Germán Theler},
title={On the design basis of a new core-level neutronic code written from scratch},
booktitle={Mecánica Computacional},
volume={33},
pages={3169--3194},
year={2014},
month={September},
annote={lido}
}

@book{Stallman2002,
author={Richard M. Stallman},
editor={Joshua Gay},
title={Free Software, Free Society: Selected Essays of Richard M. Stalmann},
subtitle={},
publisher={Free Software Foundation},
year={2002},
ISBN={1882114981}
}

@article{Androutsellis2010,
url = {http://dx.doi.org/10.1561/0200000026},
year = {2010},
volume = {4},
journal = {Foundations and Trends® in Technology, Information and Operations Management},
title = {Open Source Software: A Survey from 10,000 Feet},
doi = {10.1561/0200000026},
issn = {1571-9545},
number = {3–4},
pages = {187--347},
author = {Stephanos Androutsellis-Theotokis and Diomidis Spinellis and Maria Kechagia and Georgios Gousios}
}

@unpublished{Theler2015,
author={Germán Theler},
title={On the design basis of a new core-level neutronic code written from scratch},
subtitle={The milonga free nuclear reactor core analysis code},
year={2015},
month={October},
note={WA-MI-AR-14-5B44. Não publicado.}
}

@article{Zerkak2015,
title = "Review of multi-physics temporal coupling methods for analysis of nuclear reactors ",
journal = "Annals of Nuclear Energy ",
volume = "84",
number = "",
pages = "225 - 233",
year = "2015",
issn = "0306-4549",
doi = "http://dx.doi.org/10.1016/j.anucene.2015.01.019",
url = "http://www.sciencedirect.com/science/article/pii/S0306454915000298",
author = "Omar Zerkak and Tomasz Kozlowski and Ivan Gajev",
keywords = "Multi-physics",
keywords = "Temporal coupling",
keywords = "Operator Splitting",
keywords = "Jacobian Free Newton–Krylov",
keywords = "Approximate Block Newton",
keywords = "Review "
}

@article{Stallman1985,
  author =       "Richard Stallman",
  title =        "The {GNU} Manifesto",
  journal =      "Dr. Dobb's J.",
  volume =       "10",
  number =       "3",
  pages =        "30--??",
  month =        mar,
  year =         "1985",
  CODEN =        "DDJOEB",
  ISSN =         "1044-789X",
  bibdate =      "Mon Sep 2 09:09:39 MDT 1996",
  bibsource =    "http://www.ddj.com/index/author/index.htm;
                 http://www.math.utah.edu/pub/tex/bib/dr-dobbs-1980.bib",
  acknowledgement = ack-nhfb,
}

@article{Romano2013,
title = "The OpenMC Monte Carlo particle transport code ",
journal = "Annals of Nuclear Energy ",
volume = "51",
number = "",
pages = "274 - 281",
year = "2013",
note = "",
issn = "0306-4549",
doi = "http://dx.doi.org/10.1016/j.anucene.2012.06.040",
url = "http://www.sciencedirect.com/science/article/pii/S0306454912003283",
author = "Paul K. Romano and Benoit Forget",
keywords = "Monte Carlo",
keywords = "Neutron transport",
keywords = "Criticality",
keywords = "High performance computing",
keywords = "Open source "
}

@article{Boyd2014,
title = "The OpenMOC method of characteristics neutral particle transport code ",
journal = "Annals of Nuclear Energy ",
volume = "68",
number = "",
pages = "43 - 52",
year = "2014",
note = "",
issn = "0306-4549",
doi = "http://dx.doi.org/10.1016/j.anucene.2013.12.012",
url = "http://www.sciencedirect.com/science/article/pii/S0306454913006634",
author = "William Boyd and Samuel Shaner and Lulu Li and Benoit Forget and Kord Smith",
keywords = "Method of characteristics",
keywords = "Neutron transport",
keywords = "Criticality",
keywords = "High performance computing",
keywords = "Nonlinear diffusion acceleration",
keywords = "Open source "
}

@inproceedings{Gleicher2014,
author={Frederick N. Gleicher and Javier Ortensi and Benjamin W. Spencer and Yaqi Wang and Stephen R. Novascone and Jason D. Hales and Derek Gaston and Richard L. Williamson and Richard C. Martineau},
title={The Coupling of the neutron transport applications {RATTLES}$_{N}${AKE} to the nuclear fuels performance application {BISON} under the {MOOSE} Framework},
booktitle={{PHYSOR}-2014 - The Role of reactor Physics toward a Sustainable Future},
month={Setembro},
year={2014}
}

@article{Gaston2009,
title = "MOOSE: A parallel computational framework for coupled systems of nonlinear equations ",
journal = "Nuclear Engineering and Design ",
volume = "239",
number = "10",
pages = "1768 - 1778",
year = "2009",
note = "",
issn = "0029-5493",
doi = "http://dx.doi.org/10.1016/j.nucengdes.2009.05.021",
url = "http://www.sciencedirect.com/science/article/pii/S0029549309002635",
author = "Derek Gaston and Chris Newman and Glen Hansen and Damien Lebrun-Grandié"
}

@article{Beazley2003,
title = "Automated scientific software scripting with \{SWIG\} ",
journal = "Future Generation Computer Systems ",
volume = "19",
number = "5",
pages = "599 -- 609",
year = "2003",
note = "Tools for Program Development and Analysis. Best papers from two Technical Sessions, at ICCS2001, San Francisco, CA, USA, and ICCS2002, Amsterdam, The Netherlands ",
issn = "0167-739X",
doi = "http://dx.doi.org/10.1016/S0167-739X(02)00171-1",
url = "http://www.sciencedirect.com/science/article/pii/S0167739X02001711",
author = "D.M. Beazley",
keywords = "Scientific software",
keywords = "SWIG",
keywords = "Scripting languages",
keywords = "Python",
keywords = "Interface compiler "
}

@article{Scopatz2015,
  author    = {Anthony M. Scopatz and
               Matthew J. Gidden and
               Robert W. Carlsen and
               Robert R. Flanagan and
               Kathryn D. Huff and
               Meghan B. McGarry and
               Arrielle C. Opotowsky and
               Olzhas Rakhimov and
               Zach Welch and
               Paul P. H. Wilson},
  title     = {Cyclus Archetypes},
  journal   = {CoRR},
  volume    = {abs/1511.05619},
  year      = {2015},
  url       = {http://arxiv.org/abs/1511.05619},
  timestamp = {Tue, 01 Dec 2015 19:22:34 +0100},
  biburl    = {http://dblp.uni-trier.de/rec/bib/journals/corr/ScopatzGCFHMORW15},
  bibsource = {dblp computer science bibliography, http://dblp.org}
}

@article{Paulson2004,
 author = {Paulson, James W. and Succi, Giancarlo and Eberlein, Armin},
 title = {An Empirical Study of Open-Source and Closed-Source Software Products},
 journal = {IEEE Trans. Softw. Eng.},
 issue_date = {April 2004},
 volume = {30},
 number = {4},
 month = apr,
 year = {2004},
 issn = {0098-5589},
 pages = {246--256},
 numpages = {11},
 url = {http://dx.doi.org/10.1109/TSE.2004.1274044},
 doi = {10.1109/TSE.2004.1274044},
 acmid = {977389},
 publisher = {IEEE Press},
 address = {Piscataway, NJ, USA},
 keywords = {Open source, software metrics, empirical studies, software growth models.},
}

@article{Leppanen2009,
title = "Two practical methods for unionized energy grid construction in continuous-energy Monte Carlo neutron transport calculation ",
journal = "Annals of Nuclear Energy ",
volume = "36",
number = "7",
pages = "878 - 885",
year = "2009",
note = "",
issn = "0306-4549",
doi = "http://dx.doi.org/10.1016/j.anucene.2009.03.019",
url = "http://www.sciencedirect.com/science/article/pii/S0306454909001108",
author = "Jaakko LeppÄnen",
annote = "Lido"
}

@article{Hummel2016,
title = "Coupled 3D neutron kinetics and thermalhydraulic characteristics of the Canadian supercritical water reactor ",
journal = "Nuclear Engineering and Design ",
volume = "298",
number = "",
pages = "78 - 89",
year = "2016",
note = "",
issn = "0029-5493",
doi = "http://dx.doi.org/10.1016/j.nucengdes.2015.12.008",
url = "http://www.sciencedirect.com/science/article/pii/S0029549315005919",
author = "David William Hummel and David Raymond Novog",
annote = "não lido"
}

@article{Cammi2016,
title = "Characterization of the \{TRIGA\} Mark \{II\} reactor full-power steady state",
journal = "Nuclear Engineering and Design ",
volume = "300",
number = "",
pages = "308 - 321",
year = "2016",
note = "",
issn = "0029-5493",
doi = "http://dx.doi.org/10.1016/j.nucengdes.2016.01.026",
url = "http://www.sciencedirect.com/science/article/pii/S0029549316000467",
author = "Antonio Cammi and Matteo Zanetti and Davide Chiesa and Massimiliano Clemenza and Stefano Pozzi and Ezio Previtali and Monica Sisti and Giovanni Magrotti and Michele Prata and Andrea Salvini",
annote = "não lido"
}

@inbook{Fridman2012,
place={United States},
title={Revised methods for few-group cross sections generation in the Serpent Monte Carlo code},
publisher={American Nuclear Society - ANS; La Grange Park, IL (United States)},
author={Emil Fridman and Jaakko LeppÄnen},
year={2012},
month={Jul},
annote={não lido}
}

@article{Bennett2016,
title = "Coupled MCNP6/CTF code: Development, testing, and application ",
journal = "Annals of Nuclear Energy ",
volume = "96",
number = "",
pages = "1 - 11",
year = "2016",
note = "",
issn = "0306-4549",
doi = "http://dx.doi.org/10.1016/j.anucene.2016.05.008",
url = "http://www.sciencedirect.com/science/article/pii/S0306454916302596",
author = "A. Bennett and M. Avramova and K. Ivanov",
keywords = "MCNP6",
keywords = "CTF",
keywords = "Internal coupling",
keywords = "Relaxation acceleration "
}

@article{Huff2016,
title = "Fundamental concepts in the Cyclus nuclear fuel cycle simulation framework ",
journal = "Advances in Engineering Software ",
volume = "94",
number = "",
pages = "46 - 59",
year = "2016",
note = "",
issn = "0965-9978",
doi = "http://dx.doi.org/10.1016/j.advengsoft.2016.01.014",
url = "http://www.sciencedirect.com/science/article/pii/S0965997816300229",
author = "Kathryn D. Huff and Matthew J. Gidden and Robert W. Carlsen and Robert R. Flanagan and Meghan B. McGarry and Arrielle C. Opotowsky and Erich A. Schneider and Anthony M. Scopatz and Paul P.H. Wilson",
keywords = "Nuclear fuel cycle",
keywords = "Simulation",
keywords = "Agent based modeling",
keywords = "Nuclear engineering",
keywords = "Object orientation",
keywords = "Systems analysis "
}

@article{Herman2015,
title = "Progress toward Monte Carlo–thermal hydraulic coupling using low-order nonlinear diffusion acceleration methods ",
journal = "Annals of Nuclear Energy ",
volume = "84",
number = "",
pages = "63 - 72",
year = "2015",
note = "Multi-Physics Modelling of \{LWR\} Static and Transient Behaviour ",
issn = "0306-4549",
doi = "http://dx.doi.org/10.1016/j.anucene.2014.10.029",
url = "http://www.sciencedirect.com/science/article/pii/S0306454914005684",
author = "Bryan R. Herman and Benoit Forget and Kord Smith",
keywords = "Monte Carlo",
keywords = "Thermal hydraulics",
keywords = "CMFD",
keywords = "Support vector machines",
keywords = "Multipole representation",
keywords = "BEAVRS "
}

@article{Richard2015,
title = "SMITHERS: An object-oriented modular mapping methodology for MCNP-based neutronic–thermal hydraulic multiphysics ",
journal = "Annals of Nuclear Energy ",
volume = "81",
number = "",
pages = "150 - 163",
year = "2015",
note = "",
issn = "0306-4549",
doi = "http://dx.doi.org/10.1016/j.anucene.2015.03.027",
url = "http://www.sciencedirect.com/science/article/pii/S0306454915001619",
author = "Joshua Richard and Jack Galloway and Michael Fensin and Holly Trellue",
keywords = "Neutronic/thermal-hydraulic coupling",
keywords = "Operator splitting in reactor analysis",
keywords = "MCNP6",
keywords = "MONTEBURNS "
}

@article{Schmidt2015,
title = "An approach for coupled-code multiphysics core simulations from a common input ",
journal = "Annals of Nuclear Energy ",
volume = "84",
number = "",
pages = "140 - 152",
year = "2015",
note = "Multi-Physics Modelling of \{LWR\} Static and Transient Behaviour ",
issn = "0306-4549",
doi = "http://dx.doi.org/10.1016/j.anucene.2014.11.015",
url = "http://www.sciencedirect.com/science/article/pii/S0306454914005957",
author = "Rodney Schmidt and Kenneth Belcourt and Russell Hooper and Roger Pawlowski and Kevin Clarno and Srdjan Simunovic and Stuart Slattery and John Turner and Scott Palmtag",
keywords = "Couple-code",
keywords = "Multiphysics",
keywords = "Reactor core simulations "
}

